@article{akbarian2015nature,
  title={The {PsychENCODE} project},
  author={Akbarian, Schahram and Liu, Chunyu and Knowles, James A and Vaccarino, Flora M and Farnham, Peggy J and Crawford, Gregory E and Jaffe, Andrew E and Pinto, Dalila and Dracheva, Stella and Geschwind, Daniel H and Mill, Jonathan and Nairn, Angus C and Abyzov, Alexej and Pochareddy, Sirisha and Prabhakar, Shyam and Weissman, Sherman and Sullivan, Patrick F and State, Matthew W and Weng, Zhiping and Peters, Mette A and White, Kevin P and Gerstein, Mark B and Amiri, Anahita and Armoskus, Chris and Ashley-Koch, Allison E and Bae, Taejeong and Beckel-Mitchener, Andrea and Berman, Benjamin P and Coetzee, Gerhard A and Coppola, Gianfilippo and Francoeur, Nancy and Fromer, Menachem and Gao, Robert and Grennan, Kay and Herstein, Jennifer and Kavanagh, David H and Ivanov, Nikolay A and Jiang, Yan and Kitchen, Robert R and Kozlenkov, Alexey and Kundakovic, Marija and Li, Mingfeng and Li, Zhen and Liu, Shuang and Mangravite, Lara M and Mattei, Eugenio and Markenscoff-Papadimitriou, Eirene and Navarro, FÃ¡bio C P and North, Nicole and Omberg, Larsson and Panchision, David and Parikshak, Neelroop and Poschmann, Jeremie and Price, Amanda J and Purcaro, Michael and Reddy, Timothy E and Roussos, Panos and Schreiner, Shannon and Scuderi, Soraya and Sebra, Robert and Shibata, Mikihito and Shieh, Annie W and Skarica, Mario and Sun, Wenjie and Swarup, Vivek and Thomas, Amber and Tsuji, Junko and van Bakel, Harm and Wang, Daifeng and Wang, Yongjun and Wang, Kai and Werling, Donna M and Willsey, A Jeremy and Witt, Heather and Won, Hyejung and Wong, Chloe C Y and Wray, Gregory A and Wu, Emily Y and Xu, Xuming and Yao, Lijing and Senthil, Geetha and Lehner, Thomas and Sklar, Pamela and Sestan, Nenad},
  journal={Nature Neuroscience},
  volume={18},
  number={12},
  year={2015},
  pages={1707--1712}
}

@article{alexander2013convergence,
  title={The convergence of maturational change and structural covariance in human cortical networks},
  author={Alexander-Bloch, Aaron and Raznahan, Armin and Bullmore, Ed and Giedd, Jay},
  journal={Journal of Neuroscience},
  volume={33},
  number={7},
  pages={2889--2899},
  year={2013},
  publisher={Soc Neuroscience}
}

@article{alexanderbloch2018neuroimage,
  title={On testing for spatial correspondence between maps of human brain structure and function},
  author={Alexander-Bloch, Aaron F and Shou, Haochang and Liu, Siyuan and Satterthwaite, Theodore D and Glahn, David C and Shinohara, Russell T and Vandekar, Simon N and Raznahan, Armin},
  journal={NeuroImage},
  volume={178},
  pages={540--551},
  year={2018},
  publisher={Elsevier}
}

@article{arslan2018neuroimage,
  title={Human brain mapping: {A} systematic comparison of parcellation methods for the human cerebral cortex},
  author={Arslan, Salim and Ktena, Sofia Ira and Makropoulos, Antonios and Robinson, Emma C and Rueckert, Daniel and Parisot, Sarah},
  journal={Neuroimage},
  volume={170},
  pages={5--30},
  year={2018},
  publisher={Elsevier}
}

@article{ball2019biorxiv,
  title={Cortical remodelling in childhood is associated with genes enriched for neurodevelopmental disorders},
  author={Ball, Gareth and Seidlitz, Jakob and Beare, Richard and Seal, Marc L},
  journal={bioRxiv},
  pages={707042},
  year={2019},
  publisher={Cold Spring Harbor Laboratory}
}

@article{baum2020pnas,
  title={Development of structure--function coupling in human brain networks during youth},
  author={Graham L. Baum and Zaixu Cui and David R. Roalf and Rastko Ciric and Richard F. Betzel and Bart Larsen and Matthew Cieslak and Philip A. Cook and Cedric H. Xia and Tyler M. Moore and Kosha Ruparel and Desmond J. Oathes and Aaron F. Alexander-Bloch and Russell T. Shinohara and Armin Raznahan and Raquel E. Gur and Ruben C. Gur and Danielle S. Bassett and Theodore D. Satterthwaite},
  journal={Proceedings of the National Academy of Sciences},
  volume={117},
  number={1},
  pages={771--778},
  year={2020},
  publisher={National Acad Sciences}
}

@article{beliveau2017jneuro,
  title={A high-resolution in vivo atlas of the human brain's serotonin system},
  author={Beliveau, Vincent and Ganz, Melanie and Feng, Ling and Ozenne, Brice and H{\o}jgaard, Liselotte and Fisher, Patrick M and Svarer, Claus and Greve, Douglas N and Knudsen, Gitte M},
  journal={Journal of Neuroscience},
  volume={37},
  number={1},
  pages={120--128},
  year={2017},
  publisher={Soc Neuroscience}
}

@article{bellec2010neuroimage,
  title={Multi-level bootstrap analysis of stable clusters in resting-state f{M}{R}{I}},
  author={Bellec, Pierre and Rosa-Neto, Pedro and Lyttelton, Oliver C and Benali, Habib and Evans, Alan C},
  journal={Neuroimage},
  volume={51},
  number={3},
  pages={1126--1139},
  year={2010},
  publisher={Elsevier}
}

@article{bhagwat2020biorxiv,
  title={Understanding the impact of preprocessing pipelines on neuroimaging cortical surface analyses},
  author={Bhagwat, Nikhil and Barry, Amadou and Dickie, Erin W and Brown, Shawn T and Devenyi, Gabriel A and Hatano, Koji and DuPre, Elizabeth and Dagher, Alain and Chakravarty, M Mallar and Greenwood, Celia MT and Mi{\v{s}}i{\'c}, Bratislav and Kennedy, David N and Poline, Jean-Baptiste},
  journal={bioRxiv},
  year={2020},
  publisher={Cold Spring Harbor Laboratory}
}

@article{botviniknesser2020nature,
	title={Variability in the analysis of a single neuroimaging dataset by many teams},
	author={Botvinik-Nezer, Rotem and Holzmeister, Felix and Camerer, Colin F. and Dreber, Anna and Huber, Juergen and Johannesson, Magnus and Kirchler, Michael and Iwanir, Roni and Mumford, Jeanette A. and Adcock, Alison and Avesani, Paolo and Baczkowski, Blazej and Bajracharya, Aahana and Bakst, Leah and Ball, Sheryl and Barilari, Marco and Bault, Nad{\`e}ge and Beaton, Derek and Beitner, Julia and Benoit, Roland and Berkers, Ruud and Bhanji, Jamil and Biswal, Bharat and Bobadilla-Suarez, Sebastian and Bortolini, Tiago and Bottenhorn, Katherine and Bowring, Alexander and Braem, Senne and Brooks, Hayley and Brudner, Emily and Calderon, Cristian and Camilleri, Julia and Castrellon, Jaime and Cecchetti, Luca and Cieslik, Edna and Cole, Zachary and Collignon, Olivier and Cox, Robert and Cunningham, William and Czoschke, Stefan and Dadi, Kamalaker and Davis, Charles and De Luca, Alberto and Delgado, Mauricio and Demetriou, Lysia and Dennison, Jeffrey and Di, Xin and Dickie, Erin and Dobryakova, Ekaterina and Donnat, Claire and Dukart, Juergen and Duncan, Niall W. and Durnez, Joke and Eed, Amr and Eickhoff, Simon and Erhart, Andrew and Fontanesi, Laura and Fricke, G. Matthew and Galvan, Adriana and Gau, Remi and Genon, Sarah and Glatard, Tristan and Glerean, Enrico and Goeman, Jelle and Golowin, Sergej and Gonz{\'a}lez-Garc{\'\i}a, Carlos and Gorgolewski, Krzysztof and Grady, Cheryl and Green, Mikella and Guassi Moreira, Jo{\~a}o and Guest, Olivia and Hakimi, Shabnam and Hamilton, J. Paul and Hancock, Roeland and Handjaras, Giacomo and Harry, Bronson and Hawco, Colin and Herholz, Peer and Herman, Gabrielle and Heunis, Stephan and Hoffstaedter, Felix and Hogeveen, Jeremy and Holmes, Susan and Hu, Chuan-Peng and Huettel, Scott and Hughes, Matthew and Iacovella, Vittorio and Iordan, Alexandru and Isager, Peder and Isik, Ayse Ilkay and Jahn, Andrew and Johnson, Matthew and Johnstone, Tom and Joseph, Michael and Juliano, Anthony and Kable, Joseph and Kassinopoulos, Michalis and Koba, Cemal and Kong, Xiang-Zhen and Koscik, Timothy and Kucukboyaci, Nuri Erkut and Kuhl, Brice and Kupek, Sebastian and Laird, Angela and Lamm, Claus and Langner, Robert and Lauharatanahirun, Nina and Lee, Hongmi and Lee, Sangil and Leemans, Alexander and Leo, Andrea and Lesage, Elise and Li, Flora and Li, Monica and Lim, Phui Cheng and Lintz, Evan and Liphardt, Schuyler and Losecaat Vermeer, Annabel and Love, Bradley and Mack, Michael and Malpica, Norberto and Marins, Theo and Maumet, Camille and McDonald, Kelsey and McGuire, Joseph and Melero, Helena and M{\'e}ndez Leal, Adriana and Meyer, Benjamin and Meyer, Kristin and Mihai, Paul and Mitsis, Georgios and Moll, Jorge and Nielson, Dylan and Nilsonne, Gustav and Notter, Michael and Olivetti, Emanuele and Onicas, Adrian and Papale, Paolo and Patil, Kaustubh and Peelle, Jonathan E. and P{\'e}rez, Alexandre and Pischedda, Doris and Poline, Jean-Baptiste and Prystauka, Yanina and Ray, Shruti and Reuter-Lorenz, Patricia and Reynolds, Richard and Ricciardi, Emiliano and Rieck, Jenny and Rodriguez-Thompson, Anais and Romyn, Anthony and Salo, Taylor and Samanez-Larkin, Gregory and Sanz-Morales, Emilio and Schlichting, Margaret and Schultz, Douglas and Shen, Qiang and Sheridan, Margaret and Shiguang, Fu and Silvers, Jennifer and Skagerlund, Kenny and Smith, Alec and Smith, David and Sokol-Hessner, Peter and Steinkamp, Simon and Tashjian, Sarah and Thirion, Bertrand and Thorp, John and Tingh{\"o}g, Gustav and Tisdall, Loreen and Tompson, Steven and Toro-Serey, Claudio and Torre, Juan and Tozzi, Leonardo and Truong, Vuong and Turella, Luca and van{\textquoteright}t Veer, Anna E. and Verguts, Tom and Vettel, Jean and Vijayarajah, Sagana and Vo, Khoi and Wall, Matthew and Weeda, Wouter D. and Weis, Susanne and White, David and Wisniewski, David and Xifra-Porxas, Alba and Yearling, Emily and Yoon, Sangsuk and Yuan, Rui and Yuen, Kenneth and Zhang, Lei and Zhang, Xu and Zosky, Joshua and Nichols, Thomas E. and Poldrack, Russell A. and Schonberg, Tom},
	year={2020},
	journal={Nature},
	doi={10.1038/s41586-020-2314-9}
}

@article{breakspear2003construction,
  title={Construction of multivariate surrogate sets from nonlinear data using the wavelet transform},
  author={Breakspear, Michael and Brammer, Mick and Robinson, Peter A},
  journal={Physica D: Nonlinear Phenomena},
  volume={182},
  number={1-2},
  pages={1--22},
  year={2003},
  publisher={Elsevier}
}

@article{breakspear2004spatiotemporal,
  title={Spatiotemporal wavelet resampling for functional neuroimaging data},
  author={Breakspear, Michael and Brammer, Michael J and Bullmore, Ed T and Das, Pritha and Williams, Leanne M},
  journal={Human Brain Mapping},
  volume={23},
  number={1},
  pages={1--25},
  year={2004},
  publisher={Wiley Online Library}
}

@article{burt2018natneuro,
  title={Hierarchy of transcriptomic specialization across human cortex captured by structural neuroimaging topography},
  author={Burt, Joshua B and Demirta{\c{s}}, Murat and Eckner, William J and Navejar, Natasha M and Ji, Jie Lisa and Martin, William J and Bernacchia, Alberto and Anticevic, Alan and Murray, John D},
  journal={Nature Neuroscience},
  volume={21},
  number={9},
  pages={1251--1259},
  year={2018},
  publisher={Nature Publishing Group}
}

@article{burt2020neuroimage,
	title={Generative modeling of brain maps with spatial autocorrelation},
	author={Burt, Joshua B. and Helmer, Markus and Shinn, Maxwell and Anticevic, Alan and Murray, John D.},
	year={2020},
	journal={NeuroImage},
	doi={10.1016/j.neuroimage.2020.117038},
}

@article{cammoun2012mapping,
  title={Mapping the human connectome at multiple scales with diffusion spectrum {M}{R}{I}},
  author={Cammoun, Leila and Gigandet, Xavier and Meskaldji, Djalel and Thiran, Jean Philippe and Sporns, Olaf and Do, Kim Q and Maeder, Philippe and Meuli, Reto and Hagmann, Patric},
  journal={Journal of Neuroscience Methods},
  volume={203},
  number={2},
  pages={386--397},
  year={2012},
  publisher={Elsevier}
}

@article{carp2012plurality,
  title={On the plurality of (methodological) worlds: estimating the analytic flexibility of f{M}{R}{I} experiments},
  author={Carp, Joshua},
  journal={Frontiers in Neuroscience},
  volume={6},
  pages={149},
  year={2012},
  publisher={Frontiers}
}

@article{casey2018devcogneuro,
  title={The {A}dolescent {B}rain {C}ognitive {D}evelopment ({A}{B}{C}{D}) study: {I}maging acquisition across 21 sites},
  author={B. J. Casey and Tariq Cannonier and May I. Conley and Alexandra O. Cohen and Deanna M. Barch and Mary M. Heitzeg and Mary E. Soules and Theresa Teslovich and Danielle V. Dellarco and Hugh Garavan and Catherine A. Orr and Tor D. Wager and Marie T. Banich and Nicole K. Speer and Matthew T. Sutherland and Michael C. Riedel and Anthony S. Dick and James M. Bjork and Kathleen M. Thomas and Bader Chaarani and Margie H. Mejia and Donald J. Hagler Jr. and M. Daniela Cornejo and Chelsea S. Sicat and Michael P. Harms and Nico U. F. Dosenbach and Monica Rosenberg and Eric Earl and Hauke Bartsch and Richard Watts and Jonathan R. Polimeni and Joshua M. Kuperman and Damien A. Fair and Anders M. Dale and the ABCD Imaging Acquisition Workgroup},
  journal={Developmental Cognitive Neuroscience},
  volume={32},
  pages={43--54},
  year={2018},
  publisher={Elsevier}
}

@article{ciric2017neuroimage,
  title={Benchmarking of participant-level confound regression strategies for the control of motion artifact in studies of functional connectivity},
  author={Ciric, Rastko and Wolf, Daniel H and Power, Jonathan D and Roalf, David R and Baum, Graham L and Ruparel, Kosha and Shinohara, Russell T and Elliott, Mark A and Eickhoff, Simon B and Davatzikos, Christos and Gur, Ruben C and Gur, Raquel E and Bassett, Danielle S and Satterthwaite, Theodore D},
  journal={Neuroimage},
  volume={154},
  pages={174--187},
  year={2017},
  publisher={Elsevier}
}

@article{cliff1970ecogeo,
  title={Spatial autocorrelation: a review of existing and new measures with applications},
  author={Cliff, Andrew D and Ord, Keith},
  journal={Economic Geography},
  volume={46},
  number={sup1},
  pages={269--292},
  year={1970},
  publisher={Taylor \& Francis}
}

@article{cornblath2020commbio,
  title={Temporal sequences of brain activity at rest are constrained by white matter structure and modulated by cognitive demands},
  author={Cornblath, Eli J and Ashourvan, Arian and Kim, Jason Z and Betzel, Richard F and Ciric, Rastko and Adebimpe, Azeez and Baum, Graham L and He, Xiaosong and Ruparel, Kosha and Moore, Tyler M and Gur, Ruben C. and Gur, Raquel E. and Shinohara, Russell T. and Roalf, David R. and Satterthwaite, Theodore D. and Bassett, Danielle S. },
  journal={Communications Biology},
  volume={3},
  number={1},
  pages={1--12},
  year={2020},
  publisher={Nature Publishing Group}
}

@article{cox2019brainconn,
  title={Equitable thresholding and clustering: {A} novel method for functional magnetic resonance imaging clustering in {A}{F}{N}{I}},
  author={Cox, Robert W},
  journal={Brain Connectivity},
  volume={9},
  number={7},
  year={2019},
}

@book{cressie2015statistics,
  title={Statistics for spatial data},
  author={Cressie, Noel},
  year={2015},
  publisher={John Wiley \& Sons}
}

@article{dadi2020neuroimage,
  title={Fine-grain atlases of functional modes for f{M}{R}{I} analysis},
  author={Dadi, Kamalaker and Varoquaux, Ga{\"e}l and Machlouzarides-Shalit, Antonia and Gorgolewski, Krzysztof J and Wassermann, Demian and Thirion, Bertrand and Mensch, Arthur},
  journal={NeuroImage},
  year={2020}
}


@article{damoiseaux2006pnas,
  title={Consistent resting-state networks across healthy subjects},
  author={Damoiseaux, Jessica S and Rombouts, SARB and Barkhof, Frederik and Scheltens, Philip and Stam, Cornelis J and Smith, Stephen M and Beckmann, Christian F},
  journal={Proceedings of the National Academy of Sciences},
  volume={103},
  number={37},
  pages={13848--13853},
  year={2006},
  publisher={National Acad Sciences}
}

@article{deblauwe2012testing,
  title={Testing pairwise association between spatially autocorrelated variables: {A} new approach using surrogate lattice data},
  author={Deblauwe, Vincent and Kennel, Pol and Couteron, Pierre},
  journal={PloS One},
  volume={7},
  number={11},
  pages={e48766},
  year={2012},
  publisher={Public Library of Science}
}

@article{demirtas2019neuron,
  title={Hierarchical heterogeneity across human cortex shapes large-scale neural dynamics},
  author={Demirta{\c{s}}, Murat and Burt, Joshua B and Helmer, Markus and Ji, Jie Lisa and Adkinson, Brendan D and Glasser, Matthew F and Van Essen, David C and Sotiropoulos, Stamatios N and Anticevic, Alan and Murray, John D},
  journal={Neuron},
  volume={101},
  number={6},
  pages={1181--1194},
  year={2019},
  publisher={Elsevier}
}

@article{desikan2006automated,
  title={An automated labeling system for subdividing the human cerebral cortex on {M}{R}{I} scans into gyral based regions of interest},
  author={Rahul S Desikan and Florent S{\'e}gonne and Bruce Fischl and Brian T Quinn and Bradford C Dickerson and Deborah Blacker and Randy L Buckner and Anders M Dale and R Paul Maguire and Bradley T Hyman and Marilyn S Albert and Ronald J Killiany},
  journal={NeuroImage},
  volume={31},
  number={3},
  pages={968--980},
  year={2006},
  publisher={Elsevier}
}

@article{dray2011geoanalysis,
  title={A new perspective about {M}oran's coefficient: {S}patial autocorrelation as a linear regression problem},
  author={Dray, St{\'e}phane},
  journal={Geographical Analysis},
  volume={43},
  number={2},
  pages={127--141},
  year={2011},
  publisher={Wiley Online Library}
}

@article{dutilleul1993modifying,
  title={Modifying the t test for assessing the correlation between two spatial processes},
  author={Dutilleul, Pierre and Clifford, Peter and Richardson, Sylvia and Hemon, Denis},
  journal={Biometrics},
  pages={305--314},
  year={1993},
  publisher={JSTOR}
}

@article{eickhoff2018natrevneuro,
  title={Imaging-based parcellations of the human brain},
  author={Eickhoff, Simon B and Yeo, BT Thomas and Genon, Sarah},
  journal={Nature Reviews Neuroscience},
  volume={19},
  number={11},
  pages={672--686},
  year={2018},
  publisher={Nature Publishing Group}
}

@article{eklund2016pnas,
  title={Cluster failure: Why f{M}{R}{I} inferences for spatial extent have inflated false-positive rates},
  author={Eklund, Anders and Nichols, Thomas E and Knutsson, Hans},
  journal={Proceedings of the National Academy of Sciences},
  volume={113},
  number={28},
  pages={7900--7905},
  year={2016},
  publisher={National Acad Sciences}
}

@article{finn2015natneuro,
  title={Functional connectome fingerprinting: identifying individuals using patterns of brain connectivity},
  author={Finn, Emily S and Shen, Xilin and Scheinost, Dustin and Rosenberg, Monica D and Huang, Jessica and Chun, Marvin M and Papademetris, Xenophon and Constable, R Todd},
  journal={Nature Neuroscience},
  volume={18},
  number={11},
  pages={1664--1671},
  year={2015},
  publisher={Nature Publishing Group}
}

@article{fischl1999humanbrainmap,
  title={High-resolution intersubject averaging and a coordinate system for the cortical surface},
  author={Fischl, Bruce and Sereno, Martin I and Tootell, Roger BH and Dale, Anders M},
  journal={Human Brain Mapping},
  volume={8},
  number={4},
  pages={272--284},
  year={1999},
  publisher={Wiley Online Library}
}

@article{fortin2000randomization,
  title={Randomization tests and spatially auto-correlated data},
  author={Fortin, Marie-Jos{\'e}e and Jacquez, Geoffrey M},
  journal={Bulletin of the Ecological Society of America},
  volume={81},
  number={3},
  pages={201--205},
  year={2000},
  publisher={JSTOR}
}

@article{fulcher2020biorxiv,
  title={Overcoming bias in gene-set enrichment analyses of brain-wide transcriptomic data},
  author={Fulcher, Ben D and Arnatkeviciute, Aurina and Fornito, Alex},
  journal={bioRxiv},
  year={2020},
  publisher={Cold Spring Harbor Laboratory}
}

@article{gao2020biorxiv,
  title={Neuronal timescales are functionally dynamic and shaped by cortical microarchitecture},
  author={Gao, Richard and van den Brink, Ruud Lucas and Pfeffer, Thomas and Voytek, Bradley},
  journal={bioRxiv},
  year={2020},
  publisher={Cold Spring Harbor Laboratory}
}

@article{glasser2011jneuro,
  title={Mapping human cortical areas in vivo based on myelin content as revealed by {T}1-and {T}2-weighted {M}{R}{I}},
  author={Glasser, Matthew F and Van Essen, David C},
  journal={Journal of Neuroscience},
  volume={31},
  number={32},
  pages={11597--11616},
  year={2011},
  publisher={Soc Neuroscience}
}

@article{gordon2016cercor,
  title={Generation and evaluation of a cortical area parcellation from resting-state correlations},
  author={Gordon, Evan M and Laumann, Timothy O and Adeyemo, Babatunde and Huckins, Jeremy F and Kelley, William M and Petersen, Steven E},
  journal={Cerebral cortex},
  volume={26},
  number={1},
  pages={288--303},
  year={2016},
  publisher={Oxford University Press}
}


@article{gorgolewski2015neurovault,
  title={NeuroVault.org: a web-based repository for collecting and sharing unthresholded statistical maps of the human brain},
  author={Krzysztof J. Gorgolewski and Gael Varoquaux and Gabriel Rivera and Yannick Schwarz and Satrajit S. Ghosh and Camille Maumet and Vanessa V. Sochat and Thomas E. Nichols and Russell A. Poldrack and Jean-Baptiste Poline and Tal Yarkoni and Daniel S. Margulies},
  journal={Frontiers in Neuroinformatics},
  volume={9},
  pages={8},
  year={2015},
  publisher={Frontiers}
}

@article{hamming1950distance,
  title={Error detecting and error correcting codes},
  author={Hamming, Richard W},
  journal={The Bell System Technical Journal},
  volume={29},
  number={2},
  pages={147--160},
  year={1950},
  publisher={Nokia Bell Labs}
}

@article{hansen2020biorxiv,
  title={Molecular signatures of cognition and affect},
  author={Hansen, Justine Y and Markello, Ross D and Vogel, Jacob W and Seidlitz, Jakob and Bzdok, Danilo and Mi{\v{s}}i{\'c}, Bratislav},
  journal={bioRxiv},
  year={2020},
  publisher={Cold Spring Harbor Laboratory}
}

@article{hawrylycz2012nature,
  title={An anatomically comprehensive atlas of the adult human brain transcriptome},
  author={Michael J. Hawrylycz and Ed S. Lein and Angela L. Guillozet-Bongaarts and Elaine H. Shen and Lydia Ng and Jeremy A. Miller and Louie N. van de Lagemaat and Kimberly A. Smith and Amanda Ebbert and Zackery L. Riley and Chris Abajian and Christian F. Beckmann and Amy Bernard and Darren Bertagnolli and Andrew F. Boe and Preston M. Cartagena and M. Mallar Chakravarty and Mike Chapin and Jimmy Chong and Rachel A. Dalley and Barry David Daly and Chinh Dang and Suvro Datta and Nick Dee and Tim A. Dolbeare and Vance Faber and David Feng and David R. Fowler and Jeff Goldy and Benjamin W. Gregor and Zeb Haradon and David R. Haynor and John G. Hohmann and Steve Horvath and Robert E. Howard and Andreas Jeromin and Jayson M. Jochim and Marty Kinnunen and Christopher Lau and Evan T. Lazarz and Changkyu Lee and Tracy A. Lemon and Ling Li and Yang Li and John A. Morris and Caroline C. Overly and Patrick D. Parker and Sheana E. Parry and Melissa Reding and Joshua J. Royall and Jay Schulkin and Pedro Adolfo Sequeira and Clifford R. Slaughterbeck and Simon C. Smith and Andy J. Sodt and Susan M. Sunkin and Beryl E. Swanson and Marquis P. Vawter and Derric Williams and Paul Wohnoutka and H. Ronald Zielke and Daniel H. Geschwind and Patrick R. Hof and Stephen M. Smith and Christof Koch and Seth G. N. Grant and Allan R. Jones},
  journal={Nature},
  volume={489},
  number={7416},
  pages={391},
  year={2012},
  publisher={Nature Publishing Group}
}

@article{insel2013science,
  title={The {N}{I}{H} {B}{R}{A}{I}{N} initiative},
  author={Insel, Thomas R and Landis, Story C and Collins, Francis S},
  journal={Science},
  volume={340},
  number={6133},
  pages={687--688},
  year={2013},
  publisher={American Association for the Advancement of Science}
}

@article{ipython,
  title={I{P}ython: {A} system for interactive scientific computing},
  author={P{\'e}rez, Fernando and Granger, Brian E},
  journal={Computing in Science \& Engineering},
  volume={9},
  number={3},
  pages={21--29},
  year={2007},
  publisher={IEEE}
}

@inproceedings{jupyter,
  title={Jupyter {N}otebooks--{A} publishing format for reproducible computational workflows},
  author={Kluyver, Thomas and Ragan-Kelley, Benjamin and P{\'e}rez, Fernando and Granger, Brian and Bussonnier, Matthias and Frederic, Jonathan and Kelley, Kyle and Hamrick, Jessica and Grout, Jason and Corlay, Sylvain and Ivanov, Paul and Avila, Dami{\'a}n and Abdalla, Safia and Willing, Carol and the Jupyter development team},
  booktitle={Positioning and Power in Academic Publishing: Players, Agents and Agendas},
  editor={Loizides, Fernando and Scmidt, Birgit},
  publisher={IOS Press},
  pages={87--90},
  year={2016}
}

@article{kharabian2020influence,
  title={Influence of processing pipeline on cortical thickness measurement},
  author={Kharabian Masouleh, Shahrzad and Eickhoff, Simon and Zeighami, Yashar and Lewis, Lindsay and Dahnke, Robert and Gaser, Robert and Gaser, Christian and Chouinard-Decorte, Francois and Lepage, Claude and Scholtens, Lianne and Hoffstaedter, Felix and Glahn, David and Blangero, John and Evans, Alan and Genon, Sarah and Valk, Sofie L},
  journal={Cerebral Cortex},
  year={2020},
  publisher={Oxford University Press}
}

@article{kong2019spatial,
  title={Spatial topography of individual-specific cortical networks predicts human cognition, personality, and emotion},
  author={Kong, Ru and Li, Jingwei and Orban, Csaba and Sabuncu, Mert R and Liu, Hesheng and Schaefer, Alexander and Sun, Nanbo and Zuo, Xi-Nian and Holmes, Avram J and Eickhoff, Simon B and Yeo, B T Thomas},
  journal={Cerebral Cortex},
  volume={29},
  number={6},
  pages={2533--2551},
  year={2019},
  publisher={Oxford University Press}
}

@article{kuhn1955hungarian,
  title={The Hungarian method for the assignment problem},
  author={Kuhn, Harold W},
  journal={Naval research logistics quarterly},
  volume={2},
  number={1-2},
  pages={83--97},
  year={1955},
  publisher={Wiley Online Library}
}

@article{legendre1993spatial,
  title={Spatial autocorrelation: trouble or new paradigm?},
  author={Legendre, Pierre},
  journal={Ecology},
  volume={74},
  number={6},
  pages={1659--1673},
  year={1993},
  publisher={Wiley Online Library}
}

@article{maier2017natcomm,
  title={The challenge of mapping the human connectome based on diffusion tractography},
  author={Maier-Hein, Klaus H. and Neher, Peter F. and Houde, Jean-Christophe and CÃ´tÃ©, Marc-Alexandre and Garyfallidis, Eleftherios and Zhong, Jidan and Chamberland, Maxime and Yeh, Fang-Cheng and Lin, Ying-Chia and Ji, Qing and Reddick, Wilburn E. and Glass, John O. and Chen, David Qixiang and Feng, Yuanjing and Gao, Chengfeng and Wu, Ye and Ma, Jieyan and He, Renjie and Li, Qiang and Westin, Carl-Fredrik and Deslauriers-Gauthier, Samuel and GonzÃ¡lez, J. Omar Ocegueda and Paquette, Michael and St-Jean, Samuel and Girard, Gabriel and Rheault, FranÃ§ois and Sidhu, Jasmeen and Tax, Chantal M. W. and Guo, Fenghua and Mesri, Hamed Y. and DÃ¡vid, Szabolcs and Froeling, Martijn and Heemskerk, Anneriet M. and Leemans, Alexander and BorÃ©, Arnaud and Pinsard, Basile and Bedetti, Christophe and Desrosiers, Matthieu and Brambati, Simona and Doyon, Julien and Sarica, Alessia and Vasta, Roberta and Cerasa, Antonio and Quattrone, Aldo and Yeatman, Jason and Khan, Ali R. and Hodges, Wes and Alexander, Simon and Romascano, David and Barakovic, Muhamed and AurÃ­a, Anna and Esteban, Oscar and Lemkaddem, Alia and Thiran, Jean-Philippe and Cetingul, H. Ertan and Odry, Benjamin L. and Mailhe, Boris and Nadar, Mariappan S. and Pizzagalli, Fabrizio and Prasad, Gautam and Villalon-Reina, Julio E. and Galvis, Justin and Thompson, Paul M. and Requejo, Francisco De Santiago and Laguna, Pedro Luque and Lacerda, Luis Miguel and Barrett, Rachel and DellâAcqua, Flavio and Catani, Marco and Petit, Laurent and Caruyer, Emmanuel and Daducci, Alessandro and Dyrby, Tim B. and Holland-Letz, Tim and Hilgetag, Claus C. and Stieltjes, Bram and Descoteaux, Maxime},
  journal={Nature Communications},
  volume={8},
  number={1},
  pages={1--13},
  year={2017},
  publisher={Nature Publishing Group}
}

@article{marcus2011frontiers,
  title={Informatics and data mining tools and strategies for the human connectome project},
  author={Marcus, Daniel and Harwell, John and Olsen, Timothy and Hodge, Michael and Glasser, Matthew and Prior, Fred and Jenkinson, Mark and Laumann, Timothy and Curtiss, Sandra and Van Essen, David},
  journal={Frontiers in Neuroinformatics},
  volume={5},
  pages={4},
  year={2011},
  publisher={Frontiers}
}

@article{margulies2016pnas,
  title={Situating the default-mode network along a principal gradient of macroscale cortical organization},
  author={Margulies, Daniel S and Ghosh, Satrajit S and Goulas, Alexandros and Falkiewicz, Marcel and Huntenburg, Julia M and Langs, Georg and Bezgin, Gleb and Eickhoff, Simon B and Castellanos, F Xavier and Petrides, Michael and Jeffries, Elizabeth and Smallwood, Jonathan},
  journal={Proceedings of the National Academy of Sciences},
  volume={113},
  number={44},
  pages={12574--12579},
  year={2016},
  publisher={National Acad Sciences}
}

@article{matplotlib,
  title={Matplotlib: {A} 2{D} graphics environment},
  author={Hunter, J. D.},
  journal={Computing in Science \& Engineering},
  volume={9},
  number={3},
  pages={90--95},
  year={2007},
  publisher={IEEE Computer Society}
}

@article{messe2020hbm,
  title={Parcellation influence on the connectivity-based structure--function relationship in the human brain},
  author={Mess{\'e}, Arnaud},
  journal={Human Brain Mapping},
  volume={41},
  number={5},
  pages={1167--1180},
  year={2020},
  publisher={Wiley Online Library}
}

@article{misic2015neuron,
  title={Cooperative and competitive spreading dynamics on the human connectome},
  author={Mi{\v{s}}i{\'c}, Bratislav and Betzel, Richard F and Nematzadeh, Azadeh and Goni, Joaquin and Griffa, Alessandra and Hagmann, Patric and Flammini, Alessandro and Ahn, Yong-Yeol and Sporns, Olaf},
  journal={Neuron},
  volume={86},
  number={6},
  pages={1518--1529},
  year={2015},
  publisher={Elsevier}
}

@article{moran1950biometrika,
  title={Notes on continuous stochastic phenomena},
  author={Moran, Patrick AP},
  journal={Biometrika},
  volume={37},
  number={1/2},
  pages={17--23},
  year={1950},
  publisher={JSTOR}
}

@article{murray2014natneuro,
  title={A hierarchy of intrinsic timescales across primate cortex},
  author={Murray, John D and Bernacchia, Alberto and Freedman, David J and Romo, Ranulfo and Wallis, Jonathan D and Cai, Xinying and Padoa-Schioppa, Camillo and Pasternak, Tatiana and Seo, Hyojung and Lee, Daeyeol and Wang, Xiao-Jing},
  journal={Nature Neuroscience},
  volume={17},
  number={12},
  pages={1661--1663},
  year={2014},
  publisher={Nature Publishing Group}
}

@article{nibabel,
  title={nipy/nibabel},
  author={Brett, Matthew and Markiewicz, Christopher J. and Hanke, Michaela and C{\^{o}}t{\'e}, Marc-Alexandre and Cipollini, Ben and McCarthy, Paul and Jarecka, Dorota and Cheng, Christopher P. and Halchenko, Yaroslav O. and Cottaar, Michiel and Ghosh, Satrajit and Larson, Eric and Wassermann, Demian and Gerhard, Stephan and Lee, Gregory R. and Wang, Hao-Ting and Kastman, Erik and Kaczmarzyk, Jakub and Guidotti, Roberto and Duek, Or and Rokem, Ariel and Madison, Cindee and Morency, FÃ©lix C. and Moloney, Brendan and Goncalves, Mathias and Markello, Ross and Riddell, Cameron and Burns, Christopher and Millman, Jarrod and Gramfort, Alexandre and LeppÃ¤kangas, Jaakko and SÃ³lon, Anibal and van den Bosch, Jasper J.F. and Vincent, Robert D. and Braun, Henry and Subramaniam, Krish and Gorgolewski, Krzysztof J. and Raamana, Pradeep Reddy and Nichols, B. Nolan and Baker, Eric M. and Hayashi, Soichi and Pinsard, Basile and Haselgrove, Christian and Hymers, Mark and Esteban, Oscar and Koudoro, Serge and Oosterhof, Nikolaas N. and Amirbekian, Bago and Nimmo-Smith, Ian and Nguyen, Ly and Reddigari, Samir and St-Jean, Samuel and Panfilov, Egor and Garyfallidis, Eleftherios and Varoquaux, Gael and Legarreta, Jon Haitz and Hahn, Kevin S. and Hinds, Oliver P. and Fauber, Bennet and Poline, Jean-Baptiste and Stutters, Jon and Jordan, Kesshi and Cieslak, Matthew and Moreno, Miguel Estevan and Haenel, Valentin and Schwartz, Yannick and Baratz, Zvi and Darwin, Benjamin C and Thirion, Bertrand and Papadopoulos Orfanos, Dimitri and PÃ©rez-GarcÃ­a, Fernando and Solovey, Igor and Gonzalez, Ivan and Palasubramaniam, Jath and Lecher, Justin and Leinweber, Katrin and Raktivan, Konstantinos and Fischer, Peter and Gervais, Philippe and Gadde, Syam and Ballinger, Thomas and Roos, Thomas and Reddam, Venkateswara Reddy},
  year={2020},
  journal={Zenodo},
  volume={doi:10.5281/zenodo.591597},
  publisher={Zenodo}
}

@article{pysurfer,
  title={nipy/PySurfer},
  author={Michael Waskom and Eric Larson and Christian Brodbeck and Alexandre Gramfort and Scott Burns and Martin Luessi and Christoph T. Weidemann and Sebastian Bitzer and Chris Markiewicz and Roan LaPlante and Yaroslav Halchenko and Denis A. Engemann and Marijn van Vliet and Satrajit Ghosh and Natalie Klein and Gio Piantoni and Matthew Brett and Laura Gwilliams and Jean-R{\`e}mi King and Dingkun Liu},
  year={2020},
  journal={Zenodo},
  volume={doi:10.5281/zenodo.592515},
  publisher={Zenodo}}

@article{noble2020neuroimage,
  title={Cluster failure or power failure? {E}valuating sensitivity in cluster-level inference},
  author={Noble, Stephanie and Scheinost, Dustin and Constable, R Todd},
  journal={NeuroImage},
  volume={209},
  pages={116468},
  year={2020},
  publisher={Elsevier}
}

@article{norgaard2020biorxiv,
  title={A High-Resolution In Vivo Atlas of the Human Brain's Benzodiazepine Binding Site of {G}{A}{B}{A}$_{A}$ Receptors},
  author={Norgaard, Martin and Beliveau, Vincent and Ganz, Melanie and Svarer, Claus and Pinborg, Lars H and Keller, Sune H and Jensen, Peter S and Greve, Douglas N and Knudsen, Gitte M},
  journal={bioRxiv},
  year={2020},
  publisher={Cold Spring Harbor Laboratory}
}

@book{numpyv1,
  title={A guide to {N}um{P}y},
  author={Oliphant, Travis E},
  volume={1},
  year={2006},
  publisher={Trelgol Publishing USA}
}

@article{numpyv2,
  title={The {N}um{P}y array: a structure for efficient numerical computation},
  author={Van Der Walt, Stefan and Colbert, S Chris and Varoquaux, Gael},
  journal={Computing in Science \& Engineering},
  volume={13},
  number={2},
  pages={22},
  year={2011},
  publisher={IEEE Computer Society}
}

@article{oldham2020biorxiv,
  title={The efficacy of different preprocessing steps in reducing motion-related confounds in diffusion {M}{R}{I} connectomics},
  author={Oldham, Stuart and Arnatkeviciute, Aurina and Smith, Robert E and Tiego, Jeggan and Bellgrove, Mark A and Fornito, Alex},
  journal={bioRxiv},
  year={2020},
  publisher={Cold Spring Harbor Laboratory}
}

@inproceedings{pandas,
  title={Data structures for statistical computing in {P}ython},
  author={McKinney, Wes},
  booktitle={Proceedings of the 9th Python in Science Conference},
  volume={445},
  pages={51--56},
  year={2010},
  organization={Austin, TX}
}

@article{parkes2018neuroimage,
  title={An evaluation of the efficacy, reliability, and sensitivity of motion correction strategies for resting-state functional MRI},
  author={Parkes, Linden and Fulcher, Ben and Y{\"u}cel, Murat and Fornito, Alex},
  journal={NeuroImage},
  volume={171},
  pages={415--436},
  year={2018},
  publisher={Elsevier}
}

@article{paquola2020plosbio,
  title={A multi-scale cortical wiring space links cellular architecture and functional dynamics in the human brain},
  author={Paquola, Casey and Seidlitz, Jakob and Benkarim, Oualid and Royer, Jessica and Klimes, Petr and Bethlehem, Richard AI and Larivi{\`e}re, Sara and de Wael, Reinder Vos and Rodr{\'\i}guez-Cruces, Raul and Hall, Jeffery A and Frauscher, Birgit and Smallwood, Jonathan and Bernhardt, Boris C.},
  journal={PLoS Biology},
  volume={18},
  number={11},
  pages={e3000979},
  year={2020},
  publisher={Public Library of Science}
}


@article{poldrack2011neuron,
  title={Inferring mental states from neuroimaging data: {F}rom reverse inference to large-scale decoding},
  author={Poldrack, Russell A},
  journal={Neuron},
  volume={72},
  number={5},
  pages={692--697},
  year={2011},
  publisher={Elsevier}
}

@article{poldrack2011frontiers,
  title={The cognitive atlas: toward a knowledge foundation for cognitive neuroscience},
  author={Poldrack, Russell A and Kittur, Aniket and Kalar, Donald and Miller, Eric and Seppa, Christian and Gil, Yolanda and Parker, D Stott and Sabb, Fred W and Bilder, Robert M},
  journal={Frontiers in Neuroinformatics},
  volume={5},
  pages={17},
  year={2011},
  publisher={Frontiers}
}

@article{poldrack2013frontneuroinf,
  title={Toward open sharing of task-based f{M}{R}{I} data: the {O}penf{M}{R}{I} project},
  author={Poldrack, Russell A and Barch, Deanna M and Mitchell, Jason and Wager, Tor and Wagner, Anthony D and Devlin, Joseph T and Cumba, Chad and Koyejo, Oluwasanmi and Milham, Michael},
  journal={Frontiers in Neuroinformatics},
  volume={7},
  pages={12},
  year={2013},
  publisher={Frontiers}
}

@article{poldrack2016annrevpsych,
  title={From brain maps to cognitive ontologies: {I}nformatics and the search for mental structure},
  author={Poldrack, Russell A and Yarkoni, Tal},
  journal={Annual Review of Psychology},
  volume={67},
  pages={587--612},
  year={2016},
  publisher={Annual Reviews}
}

@article{power2011neuron,
  title={Functional network organization of the human brain},
  author={Power, Jonathan D and Cohen, Alexander L and Nelson, Steven M and Wig, Gagan S and Barnes, Kelly Anne and Church, Jessica A and Vogel, Alecia C and Laumann, Timothy O and Miezin, Fran M and Schlaggar, Bradley L and Petersen, Steven E.},
  journal={Neuron},
  volume={72},
  number={4},
  pages={665--678},
  year={2011},
  publisher={Elsevier}
}

@article{proix2016neuroimage,
  title={How do parcellation size and short-range connectivity affect dynamics in large-scale brain network models?},
  author={Proix, Timoth{\'e}e and Spiegler, Andreas and Schirner, Michael and Rothmeier, Simon and Ritter, Petra and Jirsa, Viktor K},
  journal={NeuroImage},
  volume={142},
  pages={135--149},
  year={2016},
  publisher={Elsevier}
}

@article{royer2020neuroimage,
  title={Myeloarchitecture gradients in the human insula: {H}istological underpinnings and association to intrinsic functional connectivity},
  author={Royer, Jessica and Paquola, Casey and Larivi{\`e}re, Sara and de Wael, Reinder Vos and Tavakol, Shahin and Lowe, Alexander J and Benkarim, Oualid and Evans, Alan C and Bzdok, Danilo and Smallwood, Jonathan and Frauscher, Birgit and Bernhardt, Boris C},
  journal={NeuroImage},
  pages={116859},
  year={2020},
  publisher={Elsevier}
}


@article{scipy,
  title={SciPy 1.0: fundamental algorithms for scientific computing in Python},
  author={Pauli Virtanen and Ralf Gommers and Travis E. Oliphant and Matt Haberland and Tyler Reddy and David Cournapeau and Evgeni Burovski and Pearu Peterson and Warren Weckesser and Jonathan Bright and StÃ©fan J. van der Walt and Matthew Brett and Joshua Wilson and K. Jarrod Millman and Nikolay Mayorov and Andrew R. J. Nelson and Eric Jones and Robert Kern and Eric Larson and C J Carey and Ä°lhan Polat and Yu Feng and Eric W. Moore and Jake VanderPlas and Denis Laxalde and Josef Perktold and Robert Cimrman and Ian Henriksen and E. A. Quintero and Charles R. Harris and Anne M. Archibald and AntÃ´nio H. Ribeiro and Fabian Pedregosa and Paul van Mulbregt and the SciPy 1.0 Contributors},
  journal={Nature Methods},
  pages={1--12},
  year={2020},
  publisher={Nature Publishing Group}
}

@article{schaefer2018cercor,
  title={Local-global parcellation of the human cerebral cortex from intrinsic functional connectivity {M}{R}{I}},
  author={Schaefer, Alexander and Kong, Ru and Gordon, Evan M and Laumann, Timothy O and Zuo, Xi-Nian and Holmes, Avram J and Eickhoff, Simon B and Yeo, BT Thomas},
  journal={Cerebral Cortex},
  volume={28},
  number={9},
  pages={3095--3114},
  year={2018},
  publisher={Oxford University Press}
}

@article{schilling2019neuroimage,
  title={Limits to anatomical accuracy of diffusion tractography using modern approaches},
  author={Schilling, Kurt G. and Nath, Vishwesh and Hansen, Colin and Parvathaneni, Prasanna and Blaber, Justin and Gao, Yurui and Neher, Peter and Aydogan, Dogu Baran and Shi, Yonggang and Ocampo-Pineda, Mario and Schiavi, Simona and Daducci, Alessandro and Girard, Gabriel and Barakovic, Muhamed and Rafael-Patino, Jonathan and Romascano, David and Rensonnet, GaÃ«tan and Pizzolato, Marco and Bates, Alice and Fischi, Elda and Thiran, Jean-Philippe and Canales-RodrÃ­guez, Erick J. and Huang, Chao and Zhu, Hongtu and Zhong, Liming and Cabeen, Ryan and Toga, Arthur W. and Rheault, Francois and Theaud, Guillaume and Houde, Jean-Christophe and Sidhu, Jasmeen and Chamberland, Maxime and Westin, Carl-Fredrik and Dyrby, Tim B. and Verma, Ragini and Rathi, Yogesh and Irfanoglu, M. Okan and Thomas, Cibu and Pierpaoli, Carlo and Descoteaux, Maxime and Anderson, Adam W. and Landman, Bennett A.},
  journal = {NeuroImage},
  volume={185},
  year={2019},
  pages={1--11}
}

@article{scholtens2018neuroimage,
  title={An {M}{R}{I} {V}on {E}conomo--{K}oskinas atlas},
  author={Scholtens, Lianne H and de Reus, Marcel A and de Lange, Siemon C and Schmidt, Ruben and van den Heuvel, Martijn P},
  journal={NeuroImage},
  volume={170},
  pages={249--256},
  year={2018},
  publisher={Elsevier}
}

@article{seaborn,
  title={mwaskom/seaborn},
  author={Michael Waskom and Olga Botvinnik and Joel Ostblom and Maoz Gelbart and Saulius Lukauskas and Paul Hobson and David C Gemperline and Tom Augspurger and Yaroslav Halchenko and John B. Cole and Jordi Warmenhoven and Julian de Ruiter and Cameron Pye and Stephan Hoyer and Jake Vanderplas and Santi Villalba and Gero Kunter and Eric Quintero and Pete Bachant and Marcel Martin and Kyle Meyer and Corban Swain and Alistair Miles and Thomas Brunner and Drew O'Kane and Tal Yarkoni and Mike Lee Williams and Constantine Evans and Clark Fitzgerald},
  year={2020},
  journal={Zenodo},
  volume={doi:10.5281/zenodo.592845},
  publisher={Zenodo}
}

@article{shafiei2019cercor,
  title={Dopamine signaling modulates the stability and integration of intrinsic brain networks},
  author={Shafiei, Golia and Zeighami, Yashar and Clark, Crystal A and Coull, Jennifer T and Nagano-Saito, Atsuko and Leyton, Marco and Dagher, Alain and Mi{\v{s}}i{\'c}, Bratislav},
  journal={Cerebral Cortex},
  volume={29},
  number={1},
  pages={397--409},
  year={2019},
  publisher={Oxford University Press}
}

@article{shafiei2020elife,
  title={Topographic gradients of intrinsic dynamics across neocortex},
  author={Shafiei, Golia and Markello, Ross D and De Wael, Reinder Vos and Bernhardt, Boris C and Fulcher, Ben D and Misic, Bratislav},
  journal={Elife},
  volume={9},
  pages={e62116},
  year={2020},
  publisher={eLife Sciences Publications Limited}
}


@article{sklearn,
  title={Scikit-learn: {M}achine learning in {P}ython},
  author={Pedregosa, F. and Varoquaux, G. and Gramfort, A. and Michel, V. and Thirion, B. and Grisel, O. and Blondel, M. and Prettenhofer, P. and Weiss, R. and Dubourg, V. and Vanderplas, J. and Passos, A. and Cournapeau, D. and Brucher, M. and Perrot, M. and Duchesnay, E.},
  journal={Journal of Machine Learning Research},
  volume={12},
  number={Oct},
  pages={2825--2830},
  year={2011}
}

@article{sudlow2015plosmed,
  title={{U}{K} {B}iobank: {A}n open access resource for identifying the causes of a wide range of complex diseases of middle and old age},
  author={Cathie Sudlow and John Gallacher and Naomi Allen and Valerie Beral and Paul Burton and John Danesh and Paul Downey and Paul Elliott and Jane Green and Martin Landray and Bette Liu and Paul Matthews and Giok Ong and Jill Pell and Alan Silman and Alan Young and Tim Sprosen and Tim Peakman and Rory Collins},
  journal={PLoS Medicine},
  volume={12},
  number={3},
  year={2015},
  publisher={Public Library of Science}
}

@article{vanessen2013neuroimage,
  title={The {W}{U}-{M}inn human connectome project: an overview},
  author={Van Essen, David C and Smith, Stephen M and Barch, Deanna M and Behrens, Timothy EJ and Yacoub, Essa and Ugurbil, Kamil and the Wu-Minn HCP Consortium},
  journal={NeuroImage},
  volume={80},
  pages={62--79},
  year={2013},
  publisher={Elsevier}
}

@article{vasa2018cercor,
  title={Adolescent tuning of association cortex in human structural brain networks},
  author={V{\'a}{\v{s}}a, Franti{\v{s}}ek and Seidlitz, Jakob and Romero-Garcia, Rafael and Whitaker, Kirstie J and Rosenthal, Gideon and V{\'e}rtes, Petra E and Shinn, Maxwell and Alexander-Bloch, Aaron and Fonagy, Peter and Dolan, Raymond J and Jones, Peter B and Goodyer, Ian M and the NSPN consortium and Sporns, O and Bullmore, Edward T},
  journal={Cerebral Cortex},
  volume={28},
  number={1},
  pages={281--294},
  year={2018},
  publisher={Oxford University Press}
}

@article{vazquezrodriguez2019pnas,
  title={Gradients of structure--function tethering across neocortex},
  author={V{\'a}zquez-Rodr{\'\i}guez, Bertha and Su{\'a}rez, Laura E and Markello, Ross D and Shafiei, Golia and Paquola, Casey and Hagmann, Patric and Van Den Heuvel, Martijn P and Bernhardt, Boris C and Spreng, R Nathan and Mi{\v{s}}i{\'{c}}, Bratislav},
  journal={Proceedings of the National Academy of Sciences},
  volume={116},
  number={42},
  pages={21219--21227},
  year={2019},
  publisher={National Acad Sciences}
}

@book{voneconomo1925cytoarchitecture,
  title={Die cytoarchitektonik der hirnrinde des erwachsenen menschen},
  author={von Economo, Constantin Freiherr and Koskinas, Georg N},
  year={1925},
  publisher={J. Springer}
}

@article{vosdewael2020brainspace,
  title={Brain{S}pace: a toolbox for the analysis of macroscale gradients in neuroimaging and connectomics datasets},
  author={Vos de Wael, Reinder and Benkarim, Oualid and Paquola, Casey and Lariviere, Sara and Royer, Jessica and Tavakol, Shahin and Xu, Ting and Hong, Seok-Jun and Langs, Georg and Valk, Sofie and Mi{\v{s}}i{\'c}, Bratislav and Milham, Michael and Margulies, Daniel and Smallwood, Jonathan and Bernhardt, Boris C},
  journal={Communications Biology},
  volume={3},
  number={1},
  pages={1--10},
  year={2020},
  publisher={Nature Publishing Group}
}

@article{wagner2015generating,
  title={Generating spatially constrained null models for irregularly spaced data using {M}oran spectral randomization methods},
  author={Wagner, Helene H and Dray, St{\'e}phane},
  journal={Methods in Ecology and Evolution},
  volume={6},
  number={10},
  pages={1169--1178},
  year={2015},
  publisher={Wiley Online Library}
}

@article{wang2019sciadvances,
  title={Inversion of a large-scale circuit model reveals a cortical hierarchy in the dynamic resting human brain},
  author={Wang, Peng and Kong, Ru and Kong, Xiaolu and Li{\'e}geois, Rapha{\"e}l and Orban, Csaba and Deco, Gustavo and Van Den Heuvel, Martijn P and Yeo, BT Thomas},
  journal={Science Advances},
  volume={5},
  number={1},
  pages={eaat7854},
  year={2019},
  publisher={American Association for the Advancement of Science}
}

@book{westfall1993resampling,
  title={Resampling-based multiple testing: {E}xamples and methods for p-value adjustment},
  author={Westfall, Peter H and Young, S Stanley},
  volume={279},
  year={1993},
  publisher={John Wiley \& Sons}
}

@article{whitakervertes2016pnas,
  title={Adolescence is associated with genomically patterned consolidation of the hubs of the human brain connectome},
  author={Kirstie J Whitaker and Petra E V{\'e}rtes and Rafael Romero-Garcia and FrantiÅ¡ek V{\'a}{\v{s}}a and Michael Moutoussis and Gita Prabhu and Nikolaus Weiskopf and Martina F Callaghan and Konrad Wagstyl and Timothy Rittman and Roger Tait and Cinly Ooi and John Suckling and Becky Inkster and Peter Fonagy and Raymond J Dolan and Peter B Jones and Ian M Goodyer and the NSPN Consortium and Edward T Bullmore},
  journal={Proceedings of the National Academy of Sciences},
  volume={113},
  number={32},
  pages={9105--9110},
  year={2016},
  publisher={National Acad Sciences}
}

@article{witt2020biorxiv,
  title={What executive function network is that? {A}n image-based meta-analysis of network labels},
  author={Witt, Suzanne T and van Ettinger-Veenstra, Helene and Salo, Taylor and Riedel, Michael C and Laird, Angela R},
  journal={bioRxiv},
  year={2020},
  doi={10.1101/2020.07.14.201202},
  publisher={Cold Spring Harbor Laboratory},
}


@article{yarkoni2011natmethods,
  title={Large-scale automated synthesis of human functional neuroimaging data},
  author={Yarkoni, Tal and Poldrack, Russell A and Nichols, Thomas E and Van Essen, David C and Wager, Tor D},
  journal={Nature Methods},
  volume={8},
  number={8},
  pages={665},
  year={2011},
  publisher={Nature Publishing Group}
}

@article{yeo2011organization,
  title={The organization of the human cerebral cortex estimated by intrinsic functional connectivity},
  author={Yeo, BT Thomas and Krienen, Fenna M and Sepulcre, Jorge and Sabuncu, Mert R and Lashkari, Danial and Hollinshead, Marisa and Roffman, Joshua L and Smoller, Jordan W and Z{\"o}llei, Lilla and Polimeni, Jonathan R and Fischl, Bruce and Liu, Hesheng and Buckner, Randy L},
  journal={Journal of Neurophysiology},
  volume={106},
  number={3},
  pages={1125},
  year={2011},
  publisher={American Physiological Society}
}

@article{zilles2004janatomy,
  title={Transmitter receptors and functional anatomy of the cerebral cortex},
  author={Zilles, Karl and Palomero-Gallagher, Nicola and Schleicher, Axel},
  journal={Journal of Anatomy},
  volume={205},
  number={6},
  pages={417--432},
  year={2004},
  publisher={Wiley Online Library}
}

@article{zilles2009curropneuro,
  title={Receptor mapping: architecture of the human cerebral cortex},
  author={Zilles, Karl and Amunts, Katrin},
  journal={Current Opinion in Neurology},
  volume={22},
  number={4},
  pages={331--339},
  year={2009},
  publisher={LWW}
}

@article{zhou2020arxiv,
  title={Efficient coding in the Economics of Human Brain Connectomics},
  author={Zhou, Dale and Lynn, Christopher W and Cui, Zaixu and Ciric, Rastko and Baum, Graham L and Moore, Tyler M and Roalf, David R and Detre, John A and Gur, Ruben C and Gur, Raquel E and Satterthwaite, Theodore D and Bassett, Danielle S},
  journal={bioRxiv},
  year={2020},
  publisher={Cold Spring Harbor Laboratory}
}
